
@misc{npgsql,
    author    = "The Npgsql Development Team",
    title     = "Documentation Npgsql",
    url       = "https://www.npgsql.org/doc/"
}
@misc{timcorey,
    author    = "Tim Corey",
    title     = "Intro to AppSettings in .NET Core - Appsettings.json, secrets.json, and more",
    url       = "https://www.youtube.com/watch?v=_2_qksdQKCE"
}